<?xml version="1.0" encoding="UTF-8"?><record xmlns="http://www.loc.gov/MARC21/slim" xmlns:cinclude="http://apache.org/cocoon/include/1.0" xmlns:zs="http://www.loc.gov/zing/srw/">
  <leader>00719cz  a2200157n  4500</leader>
  <controlfield tag="001">n 2010209378</controlfield>
  <controlfield tag="003">DLC</controlfield>
  <controlfield tag="005">20110323075033.0</controlfield>
  <controlfield tag="008">110322n| acannaabn          |a ana      </controlfield>
  <datafield tag="010" ind1=" " ind2=" ">
    <subfield code="a">n 2010209378</subfield>
  </datafield>
  <datafield tag="040" ind1=" " ind2=" ">
    <subfield code="a">DLC</subfield>
    <subfield code="b">eng</subfield>
    <subfield code="c">DLC</subfield>
  </datafield>
  <datafield tag="110" ind1="2" ind2=" ">
    <subfield code="a">Dolma Ling Institute</subfield>
  </datafield>
  <datafield tag="410" ind1="2" ind2=" ">
    <subfield code="a">Btsun-dgon Sgrol-ma-gliṅ Rigs-lam Slob-gñer-khaṅ</subfield>
  </datafield>
  <datafield tag="410" ind1="2" ind2=" ">
    <subfield code="a">Dolma Ling Nunnery and Institute</subfield>
  </datafield>
  <datafield tag="410" ind1="2" ind2=" ">
    <subfield code="a">Dolma Ling Institute and Nunnery</subfield>
  </datafield>
  <datafield tag="670" ind1=" " ind2=" ">
    <subfield code="a">Dolma Ling Institute and Nunnery educating for the ..., c2008:</subfield>
    <subfield code="b">on disc (Dolma Ling Institute; Btsun-dgon Sgrol-ma-gliṅ Rigs-lam Slob-gñer-khaṅ; Dolma Ling Nunnery and Institute) container (Dolma Ling Institute and Nunnery; estd. in 1991; loc. at Sidhpur, Dist. Kangra, H.P., India)</subfield>
  </datafield>
</record>